@misc{safarik_2024,
    author = {Michal Šafařík},
    title = {Sledování fotosyntézy a stavu nemocí. Čeští vědci testují akustický snímač rostlin, pomůže pěstitelům},
    url = {https://www.irozhlas.cz/veda-technologie/veda/cesti-vedci-akusticky-snimac-rostlin-nemoci-fotosynteza-zaliti_2408031832_epo},
    abstract = {Přístroj měří změny v proudění rostlin, které vtyváří voda. Každou změnu zachytí a vyvodí závěr.},
    language = {cs},
    urldate = {2025-03-20},
    journal = {iROZHLAS},
    month = aug,
    year = {2024},
}